@inproceedings{Miller2013GraphDA,
  title={Graph Database Applications and Concepts with Neo4j},
  author={Justin J. Miller},
  year={2013}
}

@inproceedings{Angles2018AnIT,
  title={An Introduction to Graph Data Management},
  author={Renzo Angles and Claudio Gutierrez},
  booktitle={Graph Data Management},
  year={2018}
}